@misc{MS17-010,
  author = {Microsoft},
  title = {{Microsoft Security Bulletin MS17-010 - Critical}},
  howpublished = "\url{https://docs.microsoft.com/en-us/security-updates/SecurityBulletins/2017/ms17-010}",
  year = {2017}, 
  note = "[Online; accessed 11-Dec-2020]"
}