@inproceedings{overbot,
  title={Overbot: a botnet protocol based on Kademlia},
  author={Starnberger, Guenther and Kruegel, Christopher and Kirda, Engin},
  booktitle={Proceedings of the 4th international conference on Security and privacy in communication netowrks},
  pages={1--9},
  year={2008}
}

@inproceedings{kademlia,
  title={Kademlia: A peer-to-peer information system based on the xor metric},
  author={Maymounkov, Petar and Mazieres, David},
  booktitle={International Workshop on Peer-to-Peer Systems},
  pages={53--65},
  year={2002},
  organization={Springer}
}

@online{wiki-dht,
title={Distributed Hash Table},
url={https://en.wikipedia.org/wiki/Distributed_hash_table},
accessed={2020-12-08}
}

@online{kademgo,
title={KademGo},
url={https://github.com/r0ck3r008/kademgo},
accessed={2020-12-08}
}

@online{godoc,
title={Godoc},
url={https://blog.golang.org/godoc},
accessed={2020-12-08}
}

